@online{
    bitkom-fachkraeftemangel,
    author={{Bitkom e. V.}},
    title={Rekord-Fachkr√§ftemangel: In Deutschland sind 149.000 IT-Jobs unbesetzt},
    url={https://www.bitkom.org/Presse/Presseinformation/Rekord-Fachkraeftemangel-Deutschland-IT-Jobs-unbesetzt},
    date={2024-12-29}
}

@online{
    nextjs,
    author={{Vercel Inc.}},
    title={Next.js by Vercel - The React Framework},
    url={https://nextjs.org/},
    date={2024-12-29}
}

@online{
    nodejs,
    author={{OpenJS Foundation}},
    title={Node.js - Run JavaScript Everywhere},
    url={https://nodejs.org/},
    date={2024-12-29}
}

@online{
    react,
    author={{Meta Platforms Inc.}},
    title={React},
    url={https://react.dev},
    date={2024-12-29}
}

@online{
    socketio,
    title={Socket.IO},
    url={https://socket.io/},
    date={2024-12-29},
    author={{Automattic Inc.}}
}

@online{
    typescript,
    author={{Microsoft Corporation}},
    title={TypeScript},
    url={https://www.typescriptlang.org/},
    date={2024-12-29}
}

@online{
    mongodb,
    author={{MongoDB Inc.}},
    title={MongoDB},
    url={https://www.mongodb.com/},
    date={2024-12-29}
}


@online{
    turborepo,
    author={{Vercel Inc.}},
    title={Turbo},
    url={https://turbo.build/},
    date={2024-12-29}
}

@online{
    minio,
    author={{MinIO Inc.}},
    title={MinIO},
    url={https://min.io/},
    date={2024-12-31}
}

@online{
    docker,
    author={{Docker Inc.}},
    title={Docker},
    url={https://www.docker.com/},
    date={2024-12-31}
}

@online{
    sha256,
    author={{NordVPN Security}},
    title={What is the SHA-256 algorithm, and how does it work?},
    url={https://nordvpn.com/blog/sha-256/},
    date={2025-01-01}
}

@misc{
    jwt-rfc,
    series={Request for Comments},
    number=7519,
    howpublished={RFC 7519},
    publisher={RFC Editor},
    doi={10.17487/RFC7519},
    url={https://www.rfc-editor.org/info/rfc7519},
    author={Michael B. Jones and John Bradley and Nat Sakimura},
    title={{JSON Web Token (JWT)}},
    pagetotal=30,
    year=2015,
    month=may,
    abstract={JSON Web Token (JWT) is a compact, URL-safe means of representing claims to be transferred between two parties. The claims in a JWT are encoded as a JSON object that is used as the payload of a JSON Web Signature (JWS) structure or as the plaintext of a JSON Web Encryption (JWE) structure, enabling the claims to be digitally signed or integrity protected with a Message Authentication Code (MAC) and/or encrypted.},
    date={2025-01-01}
}
